@Comment А вот так оформляется библиография при помощи BibTeX.

@Book{Pup09,
  author =		 {Василий Пупкин and Эйнштейн, А.},
  title = 		 {\LaTeX для <<чайников>>},
  publisher = 	 {М.},
  year = 		 {2009},
  language =     "russian"
}

@misc{nodejs,
  author = {Ryan Dahl},
  title = {{Node.js}},
  howpublished = "\url{https://nodejs.org/en/docs/}",
  year = {2009}
}

@msic{asc,
  title = {{Asia Supercomputer Community (ASC) 2018}},
  howpublished = "\url{http://www.asc-events.org/ASC18/}"
}

@misc{nfs,
  title = {{Linux Network File System Overiew, FAQ and HOWTO Documents}},
  howpublished = "\url{http://nfs.sourceforge.net/}"
}